<record><leader>00000cas a22000007a 4500</leader><controlfield tag="001">502150053</controlfield><controlfield tag="008">100127c20109999aluwr n       0   a0eng  </controlfield><datafield ind1=" " ind2=" " tag="010"><subfield code="a">  2010200019</subfield></datafield><datafield ind1=" " ind2=" " tag="040"><subfield code="a">DLC</subfield><subfield code="b">eng</subfield><subfield code="c">DLC</subfield><subfield code="d">DLC</subfield><subfield code="d">OCLCQ</subfield></datafield><datafield ind1=" " ind2=" " tag="012"><subfield code="l">1</subfield><subfield code="m">1</subfield></datafield><datafield ind1="0" ind2=" " tag="022"><subfield code="a">2153-1811</subfield><subfield code="2">1</subfield></datafield><datafield ind1=" " ind2=" " tag="032"><subfield code="a">750</subfield><subfield code="b">USPS</subfield></datafield><datafield ind1=" " ind2=" " tag="037"><subfield code="b">B &amp; C Publishing, LLC, 3514 Martin St. S. Ste 104, Cropwell, AL 35054</subfield></datafield><datafield ind1=" " ind2=" " tag="042"><subfield code="a">pcc</subfield><subfield code="a">nsdp</subfield></datafield><datafield ind1="1" ind2="0" tag="050"><subfield code="a">ISSN RECORD</subfield></datafield><datafield ind1="0" ind2=" " tag="130"><subfield code="a">St. Clair County news (Cropwell, Ala.)</subfield></datafield><datafield ind1=" " ind2="0" tag="222"><subfield code="a">St. Clair County news</subfield><subfield code="b">(Cropwell, Ala.)</subfield></datafield><datafield ind1="1" ind2="0" tag="245"><subfield code="a">St. Clair County news.</subfield></datafield><datafield ind1=" " ind2=" " tag="260"><subfield code="a">Cropwell, AL :</subfield><subfield code="b">B &amp; C Pub.</subfield></datafield><datafield ind1=" " ind2=" " tag="310"><subfield code="a">Weekly</subfield></datafield><datafield ind1="1" ind2=" " tag="362"><subfield code="a">Began in 2010.</subfield></datafield><datafield ind1=" " ind2=" " tag="588"><subfield code="a">Description based on: Nov. 4, 2010 (surrogate); title from caption.</subfield></datafield></record>